<?xml version="1.0" encoding="UTF-8"?><collection xmlns="http://www.loc.gov/MARC21/slim"><record><leader>00538nam--2200169-i-4500</leader><controlfield tag="001">000043897</controlfield><controlfield tag="002">20161230</controlfield><controlfield tag="005">20170128185315</controlfield><controlfield tag="008">060222s1000------------r-----000-0-eng-d</controlfield><datafield ind1=" " ind2=" " tag="080"><subfield code="a">515.1:539.12.01</subfield></datafield><datafield ind1=" " ind2=" " tag="100"><subfield code="a">Teleman, Costake</subfield></datafield><datafield ind1=" " ind2=" " tag="245"><subfield code="a">Aplicatii ale topologiei in fizica particulelor elementare. (introducere matematica in teoria cuantica a campului)</subfield></datafield><datafield ind1=" " ind2=" " tag="260"><subfield code="a">Bucuresti</subfield><subfield code="b">Editura Stiintifica Si Enciclopedica</subfield><subfield code="c">1976</subfield></datafield><datafield ind1=" " ind2=" " tag="300"><subfield code="a">294 p</subfield></datafield><datafield ind1=" " ind2=" " tag="700"><subfield code="a">Teleman, Mihaela</subfield></datafield><datafield ind1=" " ind2=" " tag="852"><subfield code="a">43726</subfield><subfield code="c">513.83</subfield></datafield><datafield ind1=" " ind2=" " tag="CAT"><subfield code="a">SYS</subfield><subfield code="c">20170128</subfield><subfield code="h">185315</subfield></datafield></record></collection>